<?xml version="1.0" encoding="UTF-8"?><collection xmlns="http://www.loc.gov/MARC21/slim"><record><leader>00449nam--2200157-i-4500</leader><controlfield tag="001">000024396</controlfield><controlfield tag="002">20161230</controlfield><controlfield tag="005">20170125154233</controlfield><controlfield tag="008">060222s1000------------r-----000-0-eng-d</controlfield><datafield ind1=" " ind2=" " tag="080"><subfield code="a">54</subfield></datafield><datafield ind1=" " ind2=" " tag="100"><subfield code="a">Muencce, Rob</subfield></datafield><datafield ind1=" " ind2=" " tag="245"><subfield code="a">Haupt-preisliste no.63 uber alggemeine chemische laboratoriums-apparate und geratschaften</subfield></datafield><datafield ind1=" " ind2=" " tag="260"><subfield code="a">Berlin</subfield><subfield code="b">Fabrik Fur Laboratoriumsapparate</subfield><subfield code="c">1910</subfield></datafield><datafield ind1=" " ind2=" " tag="300"><subfield code="a">1224 p</subfield></datafield><datafield ind1=" " ind2=" " tag="852"><subfield code="a">76494</subfield></datafield><datafield ind1=" " ind2=" " tag="CAT"><subfield code="a">SYS</subfield><subfield code="c">20170125</subfield><subfield code="h">154233</subfield></datafield></record></collection>